@book{lamport1986latex,
  author    = {Lamport, Leslie},
  title     = {LaTeX: A Document Preparation System},
  year      = {1986},
  publisher = {Addison-Wesley}
}

@book{knuth1990texbook,
  author    = {Knuth, Donald E.},
  title     = {The TeXbook},
  year      = {1990},
  publisher = {Addison-Wesley}
}

@article{Hang2024,
   author = {Ching Nam Hang and Chee Wei Tan and Pei-Duo Yu},
   doi = {10.1109/ACCESS.2024.3420709},
   issn = {2169-3536},
   journal = {IEEE Access},
   pages = {102261-102273},
   title = {MCQGen: A Large Language Model-Driven MCQ Generator for Personalized Learning},
   volume = {12},
   year = {2024}
}
