@manual{lehman2015biblatex,
  author  = {Lehman, Philipp and others},
  title   = {The biblatex package},
  year    = {2015},
  note    = {Comprehensive bibliography management with biber}
}

@online{overleafMultiFile,
  author  = {Overleaf},
  title   = {Multi-file LaTeX projects},
  year    = {2019},
  url     = {https://www.overleaf.com/learn/latex/Multi-file_LaTeX_projects}
}
