
@article{Ref01,
   author = {Apple and Friut},
   doi = {10.1109/ACCESS.2024.3420709},
   issn = {2169-3536},
   journal = {IEEE Access},
   pages = {102261-102273},
   title = {MCQGen: A Large Language Model-Driven MCQ Generator for Personalized Learning},
   volume = {12},
   year = {2024}
}
